@article{barron_adams_shih_hernandez_2015, title={Fast bilateral-space stereo for synthetic defocus}, DOI={10.1109/cvpr.2015.7299076}, journal={2015 IEEE Conference on Computer Vision and Pattern Recognition (CVPR)}, author={Barron, Jonathan T. and Adams, Andrew and Shih, Yichang and Hernandez, Carlos}, year={2015}}

@article{hirschmuller_2007, title={Accurate and Efficient Stereo Processing by Semi-Global Matching and Mutual Information}, DOI={10.1109/cvpr.2005.56}, journal={2005 IEEE Computer Society Conference on Computer Vision and Pattern Recognition (CVPR05)}, author={Hirschmuller, H.}, year={2007}, month={Apr}}

@article{wadhwa_et_al_2018, title={Synthetic depth-of-field with a single-camera mobile phone}, volume={37}, DOI={10.1145/3197517.3201329}, number={4}, journal={ACM Transactions on Graphics}, author={Wadhwa, Neal and Levoy, Marc and Garg, Rahul and Jacobs, David E. and Feldman, Bryan E. and Kanazawa, Nori and Carroll, Robert and Movshovitz-Attias, Yair and Barron, Jonathan T. and Pritch, Yael and et al.}, year={2018}, pages={1–13}}

@article{monodepth2,
title     = {Digging into Self-Supervised Monocular Depth Prediction},
author    = {Cl{\'{e}}ment Godard and
               Oisin {Mac Aodha} and
               Michael Firman and
               Gabriel J. Brostow},
booktitle = {The International Conference on Computer Vision (ICCV)},
month = {October},
year = {2019}
}

@article{viola_jones_2004, title={Robust Real-Time Face Detection}, volume={57}, DOI={10.1023/b:visi.0000013087.49260.fb}, number={2}, journal={International Journal of Computer Vision}, author={Viola, Paul and Jones, Michael J.}, year={2004}, pages={137–154}}

@article{alcantarilla_nuevo_bartoli_2013, title={Fast Explicit Diffusion for Accelerated Features in Nonlinear Scale Spaces}, DOI={10.5244/c.27.13}, journal={Procedings of the British Machine Vision Conference 2013}, author={Alcantarilla, Pablo and Nuevo, Jesus and Bartoli, Adrien}, year={2013}}

@misc{fast_bilateral_stereo, title={fast bilateral space stereo}, author={Toon Van den Zegel}, url={https://github.com/tvandenzegel/fast\_bilateral\_space\_stereo}, year={2017}}